@mastersthesis{
    montecarlo,
    author = "Alberto Barola",
    title = "Monte Carlo Methods for American Option Pricing",
    year = 2013,
    school = "Copenhagen Business School",
    month = "February"
}

@misc{
    oop_inheritance,
    author = "Michelle Yaiser",
    title = "Object oriented programming concepts: Inheritance",
    year = 2013,
    howpublished = {\url{http://www.adobe.com/devnet/actionscript/learning/oop-concepts/inheritance.html}},
    note = {Accessed: 2017-03-09}
}

@misc{
    oop_override,
    author = "Technopedia",
    title = "Overriding",
    howpublished = {\url{https://www.techopedia.com/definition/24010/overriding}},
    note = {Accessed: 2017-03-09}
}
